<collection xmlns="http://www.loc.gov/MARC21/slim" xmlns:xsi="http://www.w3.org/2001/XMLSchema-instance" xsi:schemaLocation="http://www.loc.gov/standards/marcxml/schema/MARC21slim.xsd"><record>
    <leader>00000npc a2200000 u 4500</leader>
    <controlfield tag="008">160622i19652014xx                  eng d</controlfield>
    <datafield ind1=" " ind2=" " tag="040">
      <subfield code="e">dacs</subfield>
    </datafield>
    <datafield ind1="1" ind2="0" tag="245">
      <subfield code="a">History of Nursing in Southern Nevada Oral History Project Records</subfield>
    </datafield>
    <datafield ind1="1" ind2=" " tag="100">
      <subfield code="a">Kendall, Margaret</subfield>
      <subfield code="4">cre</subfield>
    </datafield>
    <datafield ind1="2" ind2="7" tag="610">
      <subfield code="a">University of Nevada, Las Vegas. School of Nursing</subfield>
    </datafield>
    <datafield ind1="1" ind2=" " tag="700">
      <subfield code="a">Van Betten, Patricia T.</subfield>
      <subfield code="4">ctb</subfield>
      <subfield code="a">Matteson-Kane, Maureen</subfield>
      <subfield code="4">ctb</subfield>
    </datafield>
    <datafield ind1=" " ind2="7" tag="656">
      <subfield code="a">Nursing</subfield>
      <subfield code="2">lcsh</subfield>
    </datafield>
    <datafield ind1=" " ind2="7" tag="650">
      <subfield code="a">Public health -- Nevada -- Clark County</subfield>
      <subfield code="2">ingest</subfield>
    </datafield>
    <datafield ind1=" " ind2="7" tag="655">
      <subfield code="a">Oral histories (document genres)</subfield>
      <subfield code="2">aat</subfield>
    </datafield>
    <datafield ind1=" " ind2=" " tag="300">
      <subfield code="a">1.3 Linear Feet (3 boxes)</subfield>
    </datafield>
    <datafield ind1=" " ind2=" " tag="300">
      <subfield code="a">24 Digital Files (2.9 GB)</subfield>
    </datafield>
    <datafield ind1=" " ind2=" " tag="099">
      <subfield code="a">MS-00784</subfield>
    </datafield>
    <datafield ind1=" " ind2=" " tag="540">
      <subfield code="a"> Materials in this collection may be protected by copyrights and other rights. See   Reproductions and Use  on the UNLV Special Collections website for more information about reproductions and permissions to publish. </subfield>
    </datafield>
    <datafield ind1=" " ind2=" " tag="524">
      <subfield code="a"> History of Nursing in Southern Nevada Oral History Project Records, 1965-2014. MS-00784. Special Collections, University Libraries, University of Nevada, Las Vegas. Las Vegas, Nevada. </subfield>
    </datafield>
    <datafield ind1=" " ind2=" " tag="506">
      <subfield code="a"> Collection is open for research. </subfield>
    </datafield>
    <datafield ind1="1" ind2=" " tag="545">
      <subfield code="a"> In 2004 faculty members from the School of Nursing at the University of Nevada, Las Vegas began an initiative to preserve the history of nursing and nurses in Southern Nevada. The project was primarily led by faculty member Dr. Margaret Louis with assistance from Maureen Matteson-Kane, Patricia Van Betten, and other volunteers. Oral history interviews were conducted with nurses who have practiced in Southern Nevada. UNLV School of Nursing faculty members and former students were also interviewed. </subfield>
    </datafield>
    <datafield ind1="2" ind2=" " tag="520">
      <subfield code="a"> The History of Nursing in Southern Nevada Oral History Project Records (1965-2014) are comprised of material related to a volunteer project initiative at the University of Nevada, Las Vegas School of Nursing to conduct oral history interviews with nurses who have practiced in Southern Nevada. The collection contains subject files related to the project, as well as audio, video, and transcript files for the interviews. In addition, there are photographs, news clippings, event programs, and certificates from nurses in the region, many of whom were also interviewed. The collection also includes general information on nursing in Southern Nevada such as research papers and documents from the Nevada Nurses Association. </subfield>
    </datafield>
    <datafield ind1="8" ind2=" " tag="555">
      <subfield code="z">Finding aid is available online</subfield>
    </datafield>
    <datafield ind1="4" ind2="2" tag="856">
      <subfield code="z">Connect to an online guide to this collection</subfield>
    </datafield>
  </record>