
<record>
    <leader>00000npc a2200000 u 4500</leader>
    <controlfield tag="008">160816i20162016xx                  ang d</controlfield>
    <datafield ind1=" " ind2=" " tag="040" />
    <datafield ind1="1" ind2="0" tag="245">
      <subfield code="a">TEST 2</subfield>
    </datafield>
    <datafield ind1="1" ind2=" " tag="100">
      <subfield code="a">Stay, Evaline Stewart</subfield>
      <subfield code="4">cre</subfield>
    </datafield>
    <datafield ind1=" " ind2=" " tag="300">
      <subfield code="a">2 Audio Cassettes</subfield>
    </datafield>
    <datafield ind1=" " ind2=" " tag="099">
      <subfield code="a">test-45</subfield>
    </datafield>
    <datafield ind1="2" ind2=" " tag="520" />
    <datafield ind1="8" ind2=" " tag="555">
      <subfield code="z">Finding aid is available online</subfield>
      <subfield code="u">tea</subfield>
    </datafield>
    <datafield ind1="4" ind2="2" tag="856">
      <subfield code="z">Connect to an online guide to this collection</subfield>
      <subfield code="u">tea</subfield>
    </datafield>
  </record>
</collection>